<?xml version="1.0" encoding="UTF-8"?><collection xmlns="http://www.loc.gov/MARC21/slim"><record><leader>00419nam--2200169-u-4500</leader><controlfield tag="001">000051483</controlfield><controlfield tag="002">20161230</controlfield><controlfield tag="005">20161230201049</controlfield><controlfield tag="008">080722s1000------------r-----000-0-eng-d</controlfield><datafield ind1=" " ind2=" " tag="040"><subfield code="a">IFIN-HH</subfield></datafield><datafield ind1=" " ind2=" " tag="080"><subfield code="a">517.2</subfield></datafield><datafield ind1="1" ind2=" " tag="100"><subfield code="a">Bondarenko,B.A</subfield></datafield><datafield ind1="1" ind2="0" tag="245"><subfield code="a">Operatornye Algoritmy v Differentsialnykh Urabneniyakh</subfield></datafield><datafield ind1=" " ind2=" " tag="260"><subfield code="a">Tashkent</subfield><subfield code="c">1984</subfield></datafield><datafield ind1=" " ind2=" " tag="300"><subfield code="a">184 p</subfield></datafield><datafield ind1=" " ind2=" " tag="852"><subfield code="a">72601</subfield><subfield code="c">517.2/3</subfield></datafield><datafield ind1=" " ind2=" " tag="CAT"><subfield code="a">Sys</subfield><subfield code="c">20080722</subfield><subfield code="h">090904</subfield></datafield></record></collection>